<record><leader>00000cas a2200000Ma 4500</leader><controlfield tag="001">10829883</controlfield><controlfield tag="008">840611d18501851mauwr ne      0    0fre d</controlfield><datafield ind1=" " ind2=" " tag="010"><subfield code="a">sn 84023345 </subfield></datafield><datafield ind1=" " ind2=" " tag="040"><subfield code="a">AQM</subfield><subfield code="b">eng</subfield><subfield code="c">AQM</subfield><subfield code="d">OCLCQ</subfield><subfield code="d">OCLCO</subfield></datafield><datafield ind1="1" ind2=" " tag="029"><subfield code="a">AU@</subfield><subfield code="b">000025822882</subfield></datafield><datafield ind1="0" ind2=" " tag="130"><subfield code="a">Gazette franc&#807;aise (Boston, Mass.)</subfield></datafield><datafield ind1="1" ind2="0" tag="245"><subfield code="a">Gazette franc&#807;aise.</subfield></datafield><datafield ind1="1" ind2="3" tag="246"><subfield code="a">Gazette franc&#807;aise, politique et litteraire</subfield></datafield><datafield ind1=" " ind2=" " tag="260"><subfield code="a">Boston [Mass.] :</subfield><subfield code="b">Alfred Gaudelet,</subfield><subfield code="c">1850-</subfield></datafield><datafield ind1=" " ind2=" " tag="300"><subfield code="a">v. :</subfield><subfield code="b">ill. ;</subfield><subfield code="c">43 cm.</subfield></datafield><datafield ind1=" " ind2=" " tag="310"><subfield code="a">Weekly</subfield></datafield><datafield ind1="0" ind2=" " tag="362"><subfield code="a">Vol. 1, no. 1, (14 sept., 1850)-</subfield></datafield><datafield ind1="1" ind2=" " tag="362"><subfield code="a">Ceased with July 19, 1851 issue?</subfield><subfield code="z">Cf. Amer. newspapers, 1821-1936.</subfield></datafield><datafield ind1=" " ind2=" " tag="500"><subfield code="a">Published as: Gazette franc&#807;aise, politique et litteraire, 1851.</subfield></datafield><datafield ind1=" " ind2=" " tag="500"><subfield code="a">Printers: Damrell &amp; Moore, 1850-1851.</subfield></datafield><datafield ind1=" " ind2=" " tag="500"><subfield code="a">Editor: A. Gaudelet, 1850-1851.</subfield></datafield><datafield ind1=" " ind2=" " tag="546"><subfield code="a">In French.</subfield></datafield><datafield ind1=" " ind2="0" tag="650"><subfield code="a">French Americans</subfield><subfield code="v">Newspapers.</subfield></datafield><datafield ind1=" " ind2="4" tag="655"><subfield code="a">Ethnic newspapers.</subfield></datafield><datafield ind1="1" ind2=" " tag="700"><subfield code="a">Gaudelet, Alfred.</subfield></datafield><datafield ind1=" " ind2=" " tag="752"><subfield code="a">United States</subfield><subfield code="b">Massachusetts</subfield><subfield code="c">Suffolk</subfield><subfield code="d">Boston.</subfield></datafield></record>